@article{BinghamInoue2000a,
    author = {N.H. Bingham and A. Inoue}
    title = {Abelian, Tauberian, and Mercerian Theorems for Arithmetic Sums},
    journal = {Journal of Mathematical Analysis and Applications},
    year = {2000},
    volume = {250},
    number = {2},
    pages = {465--493}
}