@article{BinghamInoue2000b,
    author = {N.H. Bingham and A. Inoue}
    title = {Tauberian and Mercerian Theorems for Systems of Kernels},
    journal = {Journal of Mathematical Analysis and Applications},
    year = {2000},
    volume = {252},
    number = {1},
    pages = {177--197}
}